<?xml version="1.0" encoding="UTF-8"?>
<marc:collection xmlns:marc="http://www.loc.gov/MARC21/slim" xmlns:xsi="http://www.w3.org/2001/XMLSchema-instance" xsi:schemaLocation="http://www.loc.gov/MARC21/slim http://www.loc.gov/standards/marcxml/schema/MARC21slim.xsd">
   <marc:record type="Bibliographic">
      <marc:leader>01207cam a2200241 a 4500</marc:leader>
      <marc:controlfield tag="001">478832</marc:controlfield>
      <marc:controlfield tag="003">NjP</marc:controlfield>
      <marc:controlfield tag="005">20170605131023.0</marc:controlfield>
      <marc:controlfield tag="008">881115s1987    ir            000|0 ara d</marc:controlfield>
      <marc:datafield tag="024" ind1="7" ind2=" ">
         <marc:subfield code="a">princeton_aco001331</marc:subfield>
         <marc:subfield code="2">local</marc:subfield>
      </marc:datafield>
      <marc:datafield tag="035" ind1=" " ind2=" ">
         <marc:subfield code="a">(OCoLC)25829580</marc:subfield>
      </marc:datafield>
      <marc:datafield tag="035" ind1=" " ind2=" ">
         <marc:subfield code="a">(CStRLIN)NJPG88-B57095</marc:subfield>
      </marc:datafield>
      <marc:datafield tag="035" ind1=" " ind2=" ">
         <marc:subfield code="9">ACF4522TS</marc:subfield>
      </marc:datafield>
      <marc:datafield tag="040" ind1=" " ind2=" ">
         <marc:subfield code="a">NjP</marc:subfield>
         <marc:subfield code="c">NjP</marc:subfield>
      </marc:datafield>
      <marc:datafield tag="100" ind1="1" ind2=" ">
         <marc:subfield code="a">Ḥalawānī, al-Ḥusayn ibn Muḥammad,</marc:subfield>
         <marc:subfield code="d">active 11th century.</marc:subfield>
         <marc:subfield code="0">http://id.loc.gov/authorities/names/nr91021886</marc:subfield>
      </marc:datafield>
      <marc:datafield tag="245" ind1="1" ind2="0">
         <marc:subfield code="a">Nuzhat al-nāẓir wa-tanbīh al-khāṭir /</marc:subfield>
         <marc:subfield code="c">taʼlīf al-Ḥusayn ibn Muḥammad ibn al-Ḥasan ibn Naṣr al-Ḥalawānī. Wa-Qabs min kitāb Ghayāth Sulṭān al-wará / Raḍī al-Dīn Abī al-Qasim ʻAlī ibn Mūsá ibn Jaʻfar ibn Ṭāwūs al-Ḥasanī.</marc:subfield>
      </marc:datafield>
      <marc:datafield tag="250" ind1=" " ind2=" ">
         <marc:subfield code="a">al-Ṭabʻah 1. al-muḥaqqaqah.</marc:subfield>
      </marc:datafield>
      <marc:datafield tag="260" ind1=" " ind2=" ">
         <marc:subfield code="a">Qum :</marc:subfield>
         <marc:subfield code="b">Madrasat al-Imām al-Mahdī,</marc:subfield>
         <marc:subfield code="c">1408 [1987 or 1988]</marc:subfield>
      </marc:datafield>
      <marc:datafield tag="300" ind1=" " ind2=" ">
         <marc:subfield code="a">156, 12 p. ;</marc:subfield>
         <marc:subfield code="c">24 cm.</marc:subfield>
      </marc:datafield>
      <marc:datafield tag="650" ind1=" " ind2="0">
         <marc:subfield code="a">Hadith (Shiites)</marc:subfield>
      </marc:datafield>
      <marc:datafield tag="700" ind1="2" ind2="2">
         <marc:subfield code="a">Ibn Ṭāwūs, Alī ibn Mūsá,</marc:subfield>
         <marc:subfield code="d">1193-1266.</marc:subfield>
         <marc:subfield code="t">Qabs min kitāb Ghayāth Sulṭān al-wará.</marc:subfield>
      </marc:datafield>
      <marc:datafield tag="852" ind1="0" ind2=" ">
         <marc:subfield code="b">nec</marc:subfield>
         <marc:subfield code="h">BP193.26</marc:subfield>
         <marc:subfield code="i">.H34 1987</marc:subfield>
         <marc:subfield code="p">520327</marc:subfield>
         <marc:subfield code="x">reclassed from: 2271.4905.342</marc:subfield>
      </marc:datafield>
      <marc:datafield tag="998" ind1=" " ind2=" ">
         <marc:subfield code="a">05/07/92</marc:subfield>
         <marc:subfield code="s">9118</marc:subfield>
         <marc:subfield code="n">NjP</marc:subfield>
         <marc:subfield code="w">NJPG88B57095</marc:subfield>
         <marc:subfield code="d">11/15/88</marc:subfield>
         <marc:subfield code="c">JAB</marc:subfield>
         <marc:subfield code="b">JAB</marc:subfield>
         <marc:subfield code="i">920507</marc:subfield>
         <marc:subfield code="l">NJPG</marc:subfield>
      </marc:datafield>
      <marc:datafield tag="911" ind1=" " ind2=" ">
         <marc:subfield code="a">19921028</marc:subfield>
      </marc:datafield>
      <marc:datafield tag="912" ind1=" " ind2=" ">
         <marc:subfield code="a">19920507000000.0</marc:subfield>
      </marc:datafield>
   </marc:record>
</marc:collection>
